@article{asboth2016short,
  title={A short course on topological insulators},
  author={Asb{\'o}th, J{\'a}nos K and Oroszl{\'a}ny, L{\'a}szl{\'o} and P{\'a}lyi, Andr{\'a}s},
  journal={Lecture notes in physics},
  volume={919},
  year={2016},
  publisher={Springer}
}

@book{goodfellow2016deep,
  title={Deep learning},
  author={Goodfellow, Ian and Bengio, Yoshua and Courville, Aaron},
  year={2016},
  publisher={MIT press, Cambridge, MA, USA}
}

@book{bishop2006pattern,
  title={Pattern recognition and machine learning},
  author={Bishop, Christopher M},
  year={2006},
  publisher={Springer New York, NY, USA}
}

@article{cayton2005algorithms,
  title={Algorithms for manifold learning},
  author={Cayton, Lawrence},
  journal={Univ. of California at San Diego Tech. Rep},
  volume={12},
  number={1-17},
  pages={1},
  year={2005}
}

@inproceedings{narayanan2010sample,
  title={Sample complexity of testing the manifold hypothesis},
  author={Narayanan, Hariharan and Mitter, Sanjoy},
  booktitle={Advances in Neural Information Processing Systems},
  pages={1786--1794},
  year={2010}
}

@inproceedings{rifai2011manifold,
  title={The manifold tangent classifier},
  author={Rifai, Salah and Dauphin, Yann N and Vincent, Pascal and Bengio, Yoshua and Muller, Xavier},
  booktitle={Advances in Neural Information Processing Systems},
  pages={2294--2302},
  year={2011}
}




